% Encoding: UTF-8

@Article{Jensenius2018,
  author    = {Jensenius, Francesca R and Htun, Mala and Samuels, David J and Singer, David A and Lawrence, Adria and Chwe, Michael},
  title     = {The Benefits and Pitfalls of Google Scholar},
  journal   = {PS: Political Science \& Politics},
  year      = {2018},
  pages     = {1--5},
  publisher = {Cambridge University Press},
}

@Article{Wang2013,
  author    = {Wang, Dashun and Song, Chaoming and Barab{\'a}si, Albert-L{\'a}szl{\'o}},
  title     = {Quantifying long-term scientific impact},
  journal   = {Science},
  year      = {2013},
  volume    = {342},
  number    = {6154},
  pages     = {127--132},
  publisher = {American Association for the Advancement of Science},
}

@Article{senanayake2015pagerank,
  author    = {Senanayake, Upul and Piraveenan, Mahendra and Zomaya, Albert},
  title     = {The pagerank-index: Going beyond citation counts in quantifying scientific impact of researchers},
  journal   = {PLoS One},
  year      = {2015},
  volume    = {10},
  number    = {8},
  pages     = {e0134794},
  publisher = {Public Library of Science},
}

@article{efroymson1960multiple,
  title={Multiple regression analysis},
  author={Efroymson, MA},
  journal={Mathematical methods for digital computers},
  pages={191--203},
  year={1960},
  publisher={John Wiley \& Sons}
}

@article{tibshirani1996regression,
  title={Regression shrinkage and selection via the lasso},
  author={Tibshirani, Robert},
  journal={Journal of the Royal Statistical Society. Series B (Methodological)},
  pages={267--288},
  year={1996},
  publisher={JSTOR}
}

@article{taddy2017one,
  title={One-step estimator paths for concave regularization},
  author={Taddy, Matt},
  journal={Journal of Computational and Graphical Statistics},
  volume={26},
  number={3},
  pages={525--536},
  year={2017},
  publisher={Taylor \& Francis}
}


@article{hoerl1970ridge,
  title={Ridge regression: Biased estimation for nonorthogonal problems},
  author={Hoerl, Arthur E and Kennard, Robert W},
  journal={Technometrics},
  volume={12},
  number={1},
  pages={55--67},
  year={1970},
  publisher={Taylor \& Francis Group}
}

@article{zou2005regularization,
  title={Regularization and variable selection via the elastic net},
  author={Zou, Hui and Hastie, Trevor},
  journal={Journal of the Royal Statistical Society: Series B (Statistical Methodology)},
  volume={67},
  number={2},
  pages={301--320},
  year={2005},
  publisher={Wiley Online Library}
}

@article{friedman2010regularization,
  title={Regularization paths for generalized linear models via coordinate descent},
  author={Friedman, Jerome and Hastie, Trevor and Tibshirani, Rob},
  journal={Journal of statistical software},
  volume={33},
  number={1},
  pages={1},
  year={2010},
  publisher={NIH Public Access}
}

@book{lutkepohl2005new,
  title={New introduction to multiple time series analysis},
  author={L{\"u}tkepohl, Helmut},
  year={2005},
  publisher={Springer Science \& Business Media}
}

@article{hurvich1989regression,
  title={Regression and time series model selection in small samples},
  author={Hurvich, Clifford M and Tsai, Chih-Ling},
  journal={Biometrika},
  volume={76},
  number={2},
  pages={297--307},
  year={1989},
  publisher={Oxford University Press}
}

@article{schwarz1978estimating,
  title={Estimating the dimension of a model},
  author={Schwarz, Gideon and others},
  journal={The annals of statistics},
  volume={6},
  number={2},
  pages={461--464},
  year={1978},
  publisher={Institute of Mathematical Statistics}
}


@article{basu2015regularized,
  title={Regularized estimation in sparse high-dimensional time series models},
  author={Basu, Sumanta and Michailidis, George and others},
  journal={The Annals of Statistics},
  volume={43},
  number={4},
  pages={1535--1567},
  year={2015},
  publisher={Institute of Mathematical Statistics}
}

@article{bickel2009simultaneous,
  title={Simultaneous analysis of Lasso and Dantzig selector},
  author={Bickel, Peter J and Ritov, Ya’acov and Tsybakov, Alexandre B and others},
  journal={The Annals of Statistics},
  volume={37},
  number={4},
  pages={1705--1732},
  year={2009},
  publisher={Institute of Mathematical Statistics}
}

@article{van2011adaptive,
  title={The adaptive and the thresholded Lasso for potentially misspecified models (and a lower bound for the Lasso)},
  author={van de Geer, Sara and B{\"u}hlmann, Peter and Zhou, Shuheng and others},
  journal={Electronic Journal of Statistics},
  volume={5},
  pages={688--749},
  year={2011},
  publisher={The Institute of Mathematical Statistics and the Bernoulli Society}
}

@article{nicholson2017bigvar,
  title={BigVAR: Tools for Modeling Sparse High-Dimensional Multivariate Time Series},
  author={Nicholson, William and Matteson, David and Bien, Jacob},
  journal={arXiv preprint arXiv:1702.07094},
  year={2017}
}

@Article{hirsch2005index,
  author    = {Hirsch, Jorge E},
  title     = {An index to quantify an individual's scientific research output},
  journal   = {Proceedings of the National academy of Sciences},
  year      = {2005},
  volume    = {102},
  number    = {46},
  pages     = {16569--16572},
  publisher = {National Acad Sciences},
}

@Article{egghe2006theory,
  author    = {Egghe, Leo},
  title     = {Theory and practise of the g-index},
  journal   = {Scientometrics},
  year      = {2006},
  volume    = {69},
  number    = {1},
  pages     = {131--152},
  publisher = {Akad{\'e}miai Kiad{\'o}, co-published with Springer Science+ Business Media BV~…},
}

@Article{Senanayake2015,
  author    = {Senanayake, Upul and Piraveenan, Mahendra and Zomaya, Albert},
  title     = {The pagerank-index: Going beyond citation counts in quantifying scientific impact of researchers},
  journal   = {PLoS One},
  year      = {2015},
  volume    = {10},
  number    = {8},
  pages     = {e0134794},
  publisher = {Public Library of Science},
}

@Article{allen1914storage,
  author  = {Allen, Hazen},
  title   = {The storage to be provided in impounding reservoirs for municipal water supply},
  journal = {Transactions of the American society of civil engineers},
  year    = {1914},
  volume  = {77},
  pages   = {1539--1669},
}

@Article{bornmann2013use,
  author    = {Bornmann, Lutz and Leydesdorff, Loet and Mutz, R{\"u}diger},
  title     = {The use of percentiles and percentile rank classes in the analysis of bibliometric data: Opportunities and limits},
  journal   = {Journal of Informetrics},
  year      = {2013},
  volume    = {7},
  number    = {1},
  pages     = {158--165},
  publisher = {Elsevier},
}

@Article{schubert1986relative,
  author    = {Schubert, Andr{\'a}s and Braun, Tibor},
  title     = {Relative indicators and relational charts for comparative assessment of publication output and citation impact},
  journal   = {Scientometrics},
  year      = {1986},
  volume    = {9},
  number    = {5-6},
  pages     = {281--291},
  publisher = {Springer},
}

@Article{Hoerl1970,
  author    = {Hoerl, Arthur E and Kennard, Robert W},
  title     = {Ridge regression: Biased estimation for nonorthogonal problems},
  journal   = {Technometrics},
  year      = {1970},
  volume    = {12},
  number    = {1},
  pages     = {55--67},
  publisher = {Taylor \& Francis Group},
}

@Article{liaw2002classification,
  author  = {Liaw, Andy and Wiener, Matthew and others},
  title   = {Classification and regression by randomForest},
  journal = {R news},
  year    = {2002},
  volume  = {2},
  number  = {3},
  pages   = {18--22},
}

@Article{smola2004tutorial,
  author    = {Smola, Alex J and Sch{\"o}lkopf, Bernhard},
  title     = {A tutorial on support vector regression},
  journal   = {Statistics and computing},
  year      = {2004},
  volume    = {14},
  number    = {3},
  pages     = {199--222},
  publisher = {Springer},
}

@InProceedings{chen2016xgboost,
  author       = {Chen, Tianqi and Guestrin, Carlos},
  title        = {Xgboost: A scalable tree boosting system},
  booktitle    = {Proceedings of the 22nd acm sigkdd international conference on knowledge discovery and data mining},
  year         = {2016},
  pages        = {785--794},
  organization = {ACM},
}

@InProceedings{drucker1997support,
  author    = {Drucker, Harris and Burges, Christopher JC and Kaufman, Linda and Smola, Alex J and Vapnik, Vladimir},
  title     = {Support vector regression machines},
  booktitle = {Advances in neural information processing systems},
  year      = {1997},
  pages     = {155--161},
}

@Article{dickey1979distribution,
  author    = {Dickey, David A and Fuller, Wayne A},
  title     = {Distribution of the estimators for autoregressive time series with a unit root},
  journal   = {Journal of the American statistical association},
  year      = {1979},
  volume    = {74},
  number    = {366a},
  pages     = {427--431},
  publisher = {Taylor \& Francis},
}

@Article{kwiatkowski1992testing,
  author    = {Kwiatkowski, Denis and Phillips, Peter CB and Schmidt, Peter and Shin, Yongcheol},
  title     = {Testing the null hypothesis of stationarity against the alternative of a unit root: How sure are we that economic time series have a unit root?},
  journal   = {Journal of econometrics},
  year      = {1992},
  volume    = {54},
  number    = {1-3},
  pages     = {159--178},
  publisher = {Elsevier},
}

@Article{Radicchi2008,
  author        = {Radicchi, Filippo and Fortunato, Santo and Castellano, Claudio},
  title         = {Universality of citation distributions: Toward an objective measure of scientific impact},
  journal       = {Proceedings of the National Academy of Sciences},
  year          = {2008},
  volume        = {105},
  number        = {45},
  pages         = {17268--17272},
  __markedentry = {[sentian:]},
  publisher     = {National Acad Sciences},
}

@Article{Garfield2006,
  author        = {Garfield, Eugene},
  title         = {The history and meaning of the journal impact factor},
  journal       = {Jama},
  year          = {2006},
  volume        = {295},
  number        = {1},
  pages         = {90--93},
  __markedentry = {[sentian:6]},
  publisher     = {American Medical Association},
}

@Book{garfield1979citation,
  title     = {Citation indexing: Its theory and application in science, technology, and humanities},
  publisher = {Wiley New York},
  year      = {1979},
  author    = {Garfield, Eugene and Merton, Robert K},
  volume    = {8},
}

@Article{Connor2011,
  author  = {Connor, James},
  title   = {Google scholar citations open to all},
  journal = {Google Scholar Blog},
  year    = {2011},
}

@Article{walker2007ranking,
  author    = {Walker, Dylan and Xie, Huafeng and Yan, Koon-Kiu and Maslov, Sergei},
  title     = {Ranking scientific publications using a model of network traffic},
  journal   = {Journal of Statistical Mechanics: Theory and Experiment},
  year      = {2007},
  volume    = {2007},
  number    = {06},
  pages     = {P06010},
  publisher = {IOP Publishing},
}

@Article{ma2008bringing,
  author    = {Ma, Nan and Guan, Jiancheng and Zhao, Yi},
  title     = {Bringing PageRank to the citation analysis},
  journal   = {Information Processing \& Management},
  year      = {2008},
  volume    = {44},
  number    = {2},
  pages     = {800--810},
  publisher = {Elsevier},
}

@Article{chen2007finding,
  author    = {Chen, Peng and Xie, Huafeng and Maslov, Sergei and Redner, Sidney},
  title     = {Finding scientific gems with Google's PageRank algorithm},
  journal   = {Journal of Informetrics},
  year      = {2007},
  volume    = {1},
  number    = {1},
  pages     = {8--15},
  publisher = {Elsevier},
}

@Article{radicchi2011rescaling,
  author    = {Radicchi, Filippo and Castellano, Claudio},
  title     = {Rescaling citations of publications in physics},
  journal   = {Physical Review E},
  year      = {2011},
  volume    = {83},
  number    = {4},
  pages     = {046116},
  publisher = {APS},
}

@InProceedings{weihs2017learning,
  author       = {Weihs, Luca and Etzioni, Oren},
  title        = {Learning to predict citation-based impact measures},
  booktitle    = {Proceedings of the 17th ACM/IEEE Joint Conference on Digital Libraries},
  year         = {2017},
  pages        = {49--58},
  organization = {IEEE Press},
}

@Article{price1976general,
  author    = {Price, Derek de Solla},
  title     = {A general theory of bibliometric and other cumulative advantage processes},
  journal   = {Journal of the American society for Information science},
  year      = {1976},
  volume    = {27},
  number    = {5},
  pages     = {292--306},
  publisher = {Wiley Online Library},
}

@Article{barabasi1999emergence,
  author    = {Barab{\'a}si, Albert-L{\'a}szl{\'o} and Albert, R{\'e}ka},
  title     = {Emergence of scaling in random networks},
  journal   = {science},
  year      = {1999},
  volume    = {286},
  number    = {5439},
  pages     = {509--512},
  publisher = {American Association for the Advancement of Science},
}

@Article{peterson2010nonuniversal,
  author    = {Peterson, George J and Press{\'e}, Steve and Dill, Ken A},
  title     = {Nonuniversal power law scaling in the probability distribution of scientific citations},
  journal   = {Proceedings of the National Academy of Sciences},
  year      = {2010},
  volume    = {107},
  number    = {37},
  pages     = {16023--16027},
  publisher = {National Acad Sciences},
}

@Article{redner1998popular,
  author    = {Redner, Sidney},
  title     = {How popular is your paper? An empirical study of the citation distribution},
  journal   = {The European Physical Journal B-Condensed Matter and Complex Systems},
  year      = {1998},
  volume    = {4},
  number    = {2},
  pages     = {131--134},
  publisher = {Springer},
}

@Article{redner2004citation,
  author  = {Redner, Sidney},
  title   = {Citation statistics from more than a century of physical review},
  journal = {arXiv preprint physics/0407137},
  year    = {2004},
}

@Article{stringer2008effectiveness,
  author    = {Stringer, Michael J and Sales-Pardo, Marta and Amaral, Lu{\'\i}s A Nunes},
  title     = {Effectiveness of journal ranking schemes as a tool for locating information},
  journal   = {Plos one},
  year      = {2008},
  volume    = {3},
  number    = {2},
  pages     = {e1683},
  publisher = {Public Library of Science},
}

@Article{albert2002statistical,
  author    = {Albert, R{\'e}ka and Barab{\'a}si, Albert-L{\'a}szl{\'o}},
  title     = {Statistical mechanics of complex networks},
  journal   = {Reviews of modern physics},
  year      = {2002},
  volume    = {74},
  number    = {1},
  pages     = {47},
  publisher = {APS},
}

@Article{boccaletti2006complex,
  author    = {Boccaletti, Stefano and Latora, Vito and Moreno, Yamir and Chavez, Martin and Hwang, D-U},
  title     = {Complex networks: Structure and dynamics},
  journal   = {Physics reports},
  year      = {2006},
  volume    = {424},
  number    = {4-5},
  pages     = {175--308},
  publisher = {Elsevier},
}

@Article{krapivsky2001organization,
  author    = {Krapivsky, Paul L and Redner, Sidney},
  title     = {Organization of growing random networks},
  journal   = {Physical Review E},
  year      = {2001},
  volume    = {63},
  number    = {6},
  pages     = {066123},
  publisher = {APS},
}

@Article{newman2009first,
  author    = {Newman, Mark EJ},
  title     = {The first-mover advantage in scientific publication},
  journal   = {EPL (Europhysics Letters)},
  year      = {2009},
  volume    = {86},
  number    = {6},
  pages     = {68001},
  publisher = {IOP Publishing},
}

@Article{hajra2004phase,
  author    = {Hajra, Kamalika Basu and Sen, Parongama},
  title     = {Phase transitions in an aging network},
  journal   = {Physical Review E},
  year      = {2004},
  volume    = {70},
  number    = {5},
  pages     = {056103},
  publisher = {APS},
}

@Article{hajra2005aging,
  author    = {Hajra, Kamalika Basu and Sen, Parongama},
  title     = {Aging in citation networks},
  journal   = {Physica A: Statistical Mechanics and its Applications},
  year      = {2005},
  volume    = {346},
  number    = {1-2},
  pages     = {44--48},
  publisher = {Elsevier},
}

@Article{hajra2006modelling,
  author    = {Hajra, Kamalika Basu and Sen, Parongama},
  title     = {Modelling aging characteristics in citation networks},
  journal   = {Physica A: statistical mechanics and its applications},
  year      = {2006},
  volume    = {368},
  number    = {2},
  pages     = {575--582},
  publisher = {Elsevier},
}

@Article{wang2008measuring,
  author    = {Wang, Mingyang and Yu, Guang and Yu, Daren},
  title     = {Measuring the preferential attachment mechanism in citation networks},
  journal   = {Physica A: Statistical Mechanics and its Applications},
  year      = {2008},
  volume    = {387},
  number    = {18},
  pages     = {4692--4698},
  publisher = {Elsevier},
}

@Article{dorogovtsev2000evolution,
  author    = {Dorogovtsev, Sergey N and Mendes, Jos{\'e} Fernando F},
  title     = {Evolution of networks with aging of sites},
  journal   = {Physical Review E},
  year      = {2000},
  volume    = {62},
  number    = {2},
  pages     = {1842},
  publisher = {APS},
}

@Article{dorogovtsev2001scaling,
  author    = {Dorogovtsev, Sergey N and Mendes, Jos{\'e} FF},
  title     = {Scaling properties of scale-free evolving networks: Continuous approach},
  journal   = {Physical Review E},
  year      = {2001},
  volume    = {63},
  number    = {5},
  pages     = {056125},
  publisher = {APS},
}

@Article{zhu2003effect,
  author    = {Zhu, Han and Wang, Xinran and Zhu, Jian-Yang},
  title     = {Effect of aging on network structure},
  journal   = {Physical Review E},
  year      = {2003},
  volume    = {68},
  number    = {5},
  pages     = {056121},
  publisher = {APS},
}

@Article{wang2014science,
  author  = {Wang, J and Mei, Y and Hicks, D},
  title   = {Science communication. Comment on ``Quantifying long-term scientific impact".},
  journal = {Science},
  year    = {2014},
  volume  = {345},
  number  = {6193},
  pages   = {149--149},
}

@Article{wang2014response,
  author    = {Wang, Dashun and Song, Chaoming and Shen, Hua-Wei and Barab{\'a}si, Albert-L{\'a}szl{\'o}},
  title     = {Response to Comment on ``Quantifying long-term scientific impact"},
  journal   = {Science},
  year      = {2014},
  volume    = {345},
  number    = {6193},
  pages     = {149--149},
  publisher = {American Association for the Advancement of Science},
}

@InProceedings{fu2008models,
  author       = {Fu, Lawrence D and Aliferis, Constantin},
  title        = {Models for predicting and explaining citation count of biomedical articles},
  booktitle    = {AMIA Annual symposium proceedings},
  year         = {2008},
  volume       = {2008},
  pages        = {222},
  organization = {American Medical Informatics Association},
}

@Article{ibanez2009predicting,
  author    = {Ib{\'a}{\~n}ez, Alfonso and Larra{\~n}aga, Pedro and Bielza, Concha},
  title     = {Predicting citation count of Bioinformatics papers within four years of publication},
  journal   = {Bioinformatics},
  year      = {2009},
  volume    = {25},
  number    = {24},
  pages     = {3303--3309},
  publisher = {Oxford University Press},
}

@Article{lokker2008prediction,
  author    = {Lokker, Cynthia and McKibbon, K Ann and McKinlay, R James and Wilczynski, Nancy L and Haynes, R Brian},
  title     = {Prediction of citation counts for clinical articles at two years using data available within three weeks of publication: retrospective cohort study},
  journal   = {Bmj},
  year      = {2008},
  volume    = {336},
  number    = {7645},
  pages     = {655--657},
  publisher = {British Medical Journal Publishing Group},
}

@Article{lovaglia1991predicting,
  author    = {Lovaglia, Michael J},
  title     = {Predicting citations to journal articles: The ideal number of references},
  journal   = {The American Sociologist},
  year      = {1991},
  volume    = {22},
  number    = {1},
  pages     = {49--64},
  publisher = {Springer},
}

@Article{mazloumian2012predicting,
  author    = {Mazloumian, Amin},
  title     = {Predicting scholars' scientific impact},
  journal   = {PloS one},
  year      = {2012},
  volume    = {7},
  number    = {11},
  pages     = {e49246},
  publisher = {Public Library of Science},
}

@Article{hirsch2007does,
  author    = {Hirsch, Jorge E},
  title     = {Does the h index have predictive power?},
  journal   = {Proceedings of the National Academy of Sciences},
  year      = {2007},
  volume    = {104},
  number    = {49},
  pages     = {19193--19198},
  publisher = {National Acad Sciences},
}

@Article{penner2013predictability,
  author    = {Penner, Orion and Pan, Raj K and Petersen, Alexander M and Kaski, Kimmo and Fortunato, Santo},
  title     = {On the predictability of future impact in science},
  journal   = {Scientific reports},
  year      = {2013},
  volume    = {3},
  pages     = {3052},
  publisher = {Nature Publishing Group},
}

@Article{stern2014high,
  author    = {Stern, David I},
  title     = {High-ranked social science journal articles can be identified from early citation information},
  journal   = {PloS one},
  year      = {2014},
  volume    = {9},
  number    = {11},
  pages     = {e112520},
  publisher = {Public Library of Science},
}

@Article{acuna2012future,
  author    = {Acuna, Daniel E and Allesina, Stefano and Kording, Konrad P},
  title     = {Future impact: Predicting scientific success},
  journal   = {Nature},
  year      = {2012},
  volume    = {489},
  number    = {7415},
  pages     = {201},
  publisher = {Nature Publishing Group},
}

@Manual{RCT2019,
  title        = {R: A Language and Environment for Statistical Computing},
  author       = {{R Core Team}},
  organization = {R Foundation for Statistical Computing},
  address      = {Vienna, Austria},
  year         = {2019},
  url          = {http://www.R-project.org/},
}

@Article{Bischl2016,
  author  = {Bernd Bischl and Michel Lang and Lars Kotthoff and Julia Schiffner and Jakob Richter and Erich Studerus and Giuseppe Casalicchio and Zachary M. Jones},
  title   = {{mlr}: Machine Learning in R},
  journal = {Journal of Machine Learning Research},
  year    = {2016},
  volume  = {17},
  number  = {170},
  pages   = {1-5},
  url     = {http://jmlr.org/papers/v17/15-066.html},
}

@Manual{Allaire2019,
  title  = {keras: R Interface to 'Keras'},
  author = {JJ Allaire and François Chollet},
  year   = {2019},
  note   = {R package version 2.2.4.1},
  url    = {https://CRAN.R-project.org/package=keras},
}

@Book{vinkler2010evaluation,
  title     = {The evaluation of research by scientometric indicators},
  publisher = {Elsevier},
  year      = {2010},
  author    = {Vinkler, Peter},
}

@Article{bornmann2019well,
  author    = {Bornmann, Lutz and Tekles, Alexander and Leydesdorff, Loet},
  title     = {How well does I3 perform for impact measurement compared to other bibliometric indicators? The convergent validity of several (field-normalized) indicators},
  journal   = {Scientometrics},
  year      = {2019},
  volume    = {119},
  number    = {2},
  pages     = {1187--1205},
  publisher = {Springer},
}

@Article{mingers2015review,
  author    = {Mingers, John and Leydesdorff, Loet},
  title     = {A review of theory and practice in scientometrics},
  journal   = {European journal of operational research},
  year      = {2015},
  volume    = {246},
  number    = {1},
  pages     = {1--19},
  publisher = {Elsevier},
}

@Manual{Allaire2019a,
  title  = {tensorflow: R Interface to 'TensorFlow'},
  author = {JJ Allaire and Yuan Tang},
  year   = {2019},
  note   = {R package version 1.13.1},
  url    = {https://CRAN.R-project.org/package=tensorflow},
}

@Comment{jabref-meta: databaseType:bibtex;}
